% This file was created with JabRef 2.10b2.
% Encoding: UTF-8

@inproceedings{alexandre:2015,
  title={Um Algoritmo Iterativo para o Problema da K-Partição de Números},
  author={Alexandre Frias Faria and Sérgio Ricardo {de Souza} and Carlos Alexandre Silva and Moacir Felizardo França Filho},
  booktitle={Proceedings of the XXXVI Ibero-Latin American Congress on Computational Methods in Engineering},
  volume={1},
  year={2015},
}

@incollection{berretta:1999,
 author = {Regina Berretta and Pablo Moscato},
 title = {The Number Partitioning Problem: An Open Challenge for Evolutionary Computation?},
 booktitle = {New Ideas in Optimization},
 editor = {Corne, David and Dorigo, Marco and Glover, Fred and Dasgupta, Dipankar and Moscato, Pablo and Poli, Riccardo and Price, Kenneth V.},
 year = {1999},
 pages = {261--278},
 publisher = {McGraw-Hill Ltd., UK},
 address = {Maidenhead, UK, England},
}

@article{bovier:2004,
  author    = {Anton Bovier and Irina A. Kurkova},
  title     = {Poisson convergence in the restricted \emph{k}-partitioning problem},
  journal   = {Random  Structures and Algorithms},
  volume    = {30},
  number    = {4},
  pages     = {505--531},
  year      = {2007},
}


@inproceedings{cook:1971,
  title={The complexity of theorem-proving procedures},
  author={Stephen A. Cook},
  booktitle={Proceedings of the {Third annual ACM Symposium on Theory of Computing}},
  pages={151--158},
  year={1971},
  organization={ACM}
}

@book{elon:2004,
	title={An{\'a}lise real},
	author={Elon Lages Lima},
	year={2004},
	publisher={{IMPA}},
    address = {Rio de Janeiro, Brasil},
}

@doutorado{ferreira:2001,
  title={An{\'a}lise estat{\'\i}stica do problema da parti{\c{c}}{\~a}o num{\'e}rica},
  author={Ferreira, Fernando Fagundes},
  year={2001},
  school={Universidade de S{\~a}o Paulo},
}

@book{garey:1979,
 author = {Garey, Michael R. and Johnson, David S.},
 title = {Computers and Intractability: A Guide to the Theory of NP-Completeness},
 year = {1979},
 publisher = {W. H. Freeman \& Co.},
 address = {New York, NY, USA},
}

@techreport{gent:1995,
  author={Ian P. Gent and Toby Walsh},
  title={The number partition phase transition},
  INSTITUTION={Department of Computer Science, University of Strathclyde},
  year={1995},
  type={Technical Report},
  number={RR-95-185},
  address={Glasgow, Scotland},
}

@article{gent:1998,
  title={Analysis of heuristics for number partitioning},
  author={Ian P. Gent and Toby Walsh},
  journal={Computational Intelligence},
  volume={14},
  number={3},
  pages={430--451},
  year={1998},
}

@book{glover:2006,
  title={Handbook of metaheuristics},
  author={Fred W. Glover and Gary A. Kochenberger},
  volume={57},
  year={2003},
  publisher={Springer}
}

@book{glover:2013,
  title={Tabu Search},
  author={Fred  Glover and Manuel Laguna},
  year={1997},
  publisher={Springer}
}

@article{graham:1966,
  title={Bounds for certain multiprocessing anomalies},
  author={Ronald L. Graham},
  journal={THe Bell System Technical Journal},
  volume={XLV},
  number={9},
  pages={1563--1581},
  year={1966},
}

@article{graham:1969,
  title={Bounds on multiprocessing timing anomalies},
  author={Ronald L. Graham},
  journal={SIAM journal on Applied Mathematics},
  volume={17},
  number={2},
  pages={416--429},
  year={1969},
  publisher={SIAM},
}

@article{griffiths:2010,
  title={A generalization of Stirling numbers of the second kind via a special multiset},
  author={Martin Griffiths and Istv{\'a}n Mezo},
  journal={Journal of Integer Sequences},
  volume={13},
  number={2},
  pages={3},
  year={2010}
}

@article{hayes:2002,
  title={Computing science: The easiest hard problem},
  author = {Brian Hayes},
  journal={American Scientist},
  pages={113--117},
  volume = {90},
  year={2002},
}

@article{horowitz:1974,
  title={Computing partitions with applications to the knapsack problem},
  author={Horowitz, Ellis and Sahni, Sartaj},
  journal={Journal of the ACM (JACM)},
  volume={21},
  number={2},
  pages={277--292},
  year={1974},
}

@article{horowitz:1979,
year={1979},
journal={BIT Numerical Mathematics},
volume={19},
number={3},
title={A linear time approximation algorithm for multiprocessor scheduling},
author={Greg Finn and Ellis Horowitz},
pages={312-320},
}

@inproceedings{joosten:2013,
  author    = {Sebastiaan J. C. Joosten and Hans Zantema},
  title     = {Relaxation of 3-partition instances},
  booktitle = {12th Cologne-Twente Workshop on Graphs and Combinatorial Optimization, Enschede, Netherlands, May 21-23, 2013},
  editor    = {Kamiel Cornelissen and Ruben Hoeksma and Johann Hurink and Bodo Manthey},
  series    = {{CTIT} Workshop Proceedings},
  volume    = {{WP} 13-01},
  pages     = {133--136},
  year      = {2013},
}


@INBOOK{kann:2003,
  AUTHOR =       {G. Ausiello and P. Crescenzi and V. Kann and Marchetti-sp and Giorgio Gambosi and Alberto M. Spaccamela},
  TITLE =        {Complexity and Approximation: Combinatorial Optimization Problems and Their Approximability Properties},
  CHAPTER =      {Sequential Algorithms for Partitioning Problems},
  pages =        {50--60},
  publisher = {Springer-Verlag New York, Inc.},
  YEAR =         {2003},
  edition = {1st},
}

@techreport{karmarkar:1982,
  Author={Narendra Karmarkar and Richard M. Karp},
  Title={The Differencing Method of Set Partition},
  INSTITUTION={Computer Science Division, University of California},
  year={1982},
  type={Report},
  number={UCB/CSD 81/113},
  Address={Berkeley, CA},
}

@Inproceedings{karp:1972,
author="Richard M. Karp",
editor="Miller, Raymond E. and Thatcher, James W. and Bohlinger, Jean D.",
title="Reducibility among Combinatorial Problems",
booktitle="Proceedings of a symposium on the Complexity of Computer Computations,
held March 20--22, 1972",
year="1972",
serie={The IBM Research Symposia Series},
sponsor={Office of Naval Research, Mathematics Program, IBM World Trade Corporation, and the
IBM Research Mathematical Sciences Department},
publisher="Springer US",
address="IBM Thomas J. Watson Research Center, Yorktown Heights, New York, USA",
pages="85--103",
}


@article{kojic:2010,
  title={Integer linear programming model for multidimensional two-way number partitioning problem},
  author={Koji{\'c}, Jelena},
  journal={Computers \& Mathematics with Applications},
  volume={60},
  number={8},
  pages={2302--2308},
  year={2010},
} %

@Article{korf:1998,
  title={A complete anytime algorithm for number partitioning},
  author={Korf, Richard E},
  journal={Artificial Intelligence},
  volume={106},
  number={2},
  pages={181--203},
  year={1998},
}

@inproceedings{korf:2009,
  title={Multi-Way Number Partitioning.},
  author={Korf, Richard E},
  booktitle={IJCAI},
  pages={538--543},
  year={2009},
  organization={Citeseer}
}

@inproceedings{korf:2010,
  title={Objective functions for multi-way number partitioning},
  author={Korf, Richard Earl},
  booktitle={Third Annual Symposium on Combinatorial Search},
  year={2010}
}

@inproceedings{korf:2013,
  title={Optimal Sequential Multi-Way Number Partitioning},
  author={Korf, Richard E and Schreiber, Ethan L and Moffitt, Michael D},
  booktitle={International Symposium on Artificial Intelligence and Mathematics (ISAIM-2014)},
  year={2013}
}

@inproceedings{korf:2014,
  title={Cached Iterative Weakening for Optimal Multi-Way Number Partitioning},
  author={Schreiber, Ethan L and Korf, Richard E},
  booktitle={Proceedings of the Twenty-Eighth Annual Conference on Artificial Intelligence (AAAI-14) Quebec City, Canada},
  year={2014}
}

@article{langston:1982,
year={1982},
journal={BIT Numerical Mathematics},
volume={22},
number={3},
title={Improved 0/1-interchange scheduling},
author={Langston, Michael A.},
pages={282-290},
}

@Incollection{lourenco:2003,
	author={Louren{\c{c}}o, Helena R. and Martin, Olivier C. and St{\"u}tzle, Thomas},
	editor={Glover, Fred and Kochenberger, Gary A.},
	title={Iterated Local Search},
	booktitle={Handbook of Metaheuristics},
	year={2003},
	publisher={Springer US},
	address={Boston, MA},
	pages={320--353},
}

@InProceedings{mertens:2003,
  author = 	 {Stephan Mertens},
  title = 	 {The Easiest Hard Problem: Number Partitioning},
  booktitle = 	 {Computational Complexity and Statistical Physics},
  year =	 {2006},
  pages =        {125--139},
  editor =	 {A.G. Percus and G. Istrate and C. Moore},
  address =	 {New York},
  publisher =	 {Oxford University Press},
}

@article{michiels:2003,
  title={Performance Ratios for the Karmarkar-Karp Differencing Method},
  author={Michiels, Wil and Korst, Jan and Aarts, Emile and others},
  journal={Electronic Notes in Discrete Mathematics},
  volume={13},
  pages={71--75},
  year={2003},
  publisher={Elsevier}
}

@inproceedings{moffitt:2013,
  title={Search strategies for optimal multi-way number partitioning},
  author={Moffitt, Michael D},
  booktitle={Proceedings of the Twenty-Third international joint conference on Artificial Intelligence},
  pages={623--629},
  year={2013},
  organization={AAAI Press}
}

@article{pedroso:2010,
  title={Heuristics and exact methods for number partitioning},
  author={Pedroso, Jo{\~a}o Pedro and Kubo, Mikio},
  journal={European Journal of Operational Research},
  volume={202},
  number={1},
  pages={73--81},
  year={2010},
  publisher={Elsevier}
}

@article{petrica:2013,
  title={A memetic algorithm approach for solving the multidimensional multi-way number partitioning problem},
  author={Pop, Petric{\u{a}} C and Matei, Oliviu},
  journal={Applied Mathematical Modelling},
  volume={37},
  number={22},
  pages={9191--9202},
  year={2013},
  publisher={Elsevier}
}

@phdthesis{schreiber:2014,
  title={Optimal Multi-Way Number Partitioning},
  author={Schreiber, Ethan L},
  year={2014},
  school={University of California Los Angeles}
}

@article{schroeppel:1981,
  title={A ${T}={O}(2^{n/2})$, ${S}={O}(2^{n/4})$ algorithm for certain {NP}-complete problems},
  author={Schroeppel, Richard and Shamir, Adi},
  journal={SIAM journal on Computing},
  volume={10},
  number={3},
  pages={456--464},
  year={1981},
  publisher={SIAM}
}

@misc{sloane:1991,
	title={{On-Line Encyclopedia of Integer Sequences}},
	author={Sloane, NJA},
	howpublished={https://oeis.org/},
	year={1991},
}


@book{stanley:1997,
  author={Richard P. Stanley},
  title={Enumerative Combinatorics. Vol. 1, vol. 49 of Cambridge Studies in Advanced Mathematics},
  publisher={Cambridge University Press, Cambridge},
  year={1997},
  volume={1},
  series={Cambridge Studies in Advanced Mathematics},
  edition={2nd},
}
